2673 4547
337 64 471 157 11<
737 58 1367 152 RATIO
1534 58 2318 158 OPERIS..
2473 100 2480 109 ·

2467 259 2597 281 ᾖ

335 383 431 447 ut
458 359 608 449 fint
643 354 1021 471 imposita
1059 355 1308 443 certis
1345 381 1504 443 nec
1536 357 1796 470 vagis„
1812 357 2261 471 generibus
2296 364 2443 469 (2.
2469 365 2597 473 6.]

331 475 463 563 his
514 473 739 563 enim
800 466 1379 558 vacillantibus
1434 468 1832 559 vacillant
1882 475 1963 560 &
2022 471 2405 565 Nomina
2435 538 2467 584 ,
2554 508 2597 566 a

329 617 484 705 per
538 582 1056 700 consequens
1107 580 1517 672 Dostrina
1555 581 1950 673 Botanici
2002 588 2204 697 (3).
2281 654 2294 667 .

446 837 515 927 5.
570 819 855 931 Species
876 826 1008 901 tot
1023 807 1207 897 sunt
1228 871 1261 914 ‚
1316 828 1524 924 quot
1570 807 1936 905 diversas
1976 810 2295 902 formas
2351 812 2462 904 ab
2494 813 2588 901 in

330 926 455 1015 tio
522 924 925 1041 produxit
965 919 1390 1011 Infinitum
1427 922 1612 1013 Ens
1633 952 1661 1026 3
1739 942 1938 1040 quae'
1988 925 2292 1020 deinde
2343 926 2597 1015 form:

326 1037 782 1128 secundum
911 1037 1411 1124 enerationis
1468 1037 1769 1129 inditas
1833 1038 2068 1152 leges
2137 1040 2596 1155 produxer

323 1155 608 1272 plures
643 1214 671 1256 ,
725 1170 813 1239 at
904 1149 1017 1238 ibi
1073 1148 1400 1265 semper
1451 1148 1750 1239 ssmiles
1788 1218 1815 1260 ‚
1872 1172 1969 1240 ut
2011 1151 2362 1266 Species
2406 1181 2591 1240 nun

325 1268 575 1356 nobis
617 1290 793 1352 non
832 1261 988 1351 sint
1028 1260 1313 1376 ‘plures
1347 1325 1375 1367 ,
1433 1291 1706 1377 quam·
1730 1291 1917 1380 quae
1949 1263 2183 1357 fuere
2230 1267 2335 1359 ab
2375 1268 2597 1356 initi<

278 1437 282 1441 -
325 1381 567 1496 Ergo
619 1374 969 1492 Species
1018 1396 1150 1463 tot
1186 1379 1430 1480 sunt,
1475 1400 1702 1490 ‚quot
1760 1377 2102 1469 diversae
2154 1378 2447 1468 formae
2490 1380 2597 1468 sei

325 1492 742 1583 struiturae
806 1487 1284 1579 Plantarum
1326 1552 1356 1594 ,
1424 1489 1749 1599 rejed'cis
1797 1490 1960 1579 istis
1997 1559 2022 1602 ‚
2112 1522 2317 1606 quas
2382 1493 2589 1580 locu

197 1612 207 1621 ’
325 1606 473 1697 vel
530 1602 757 1696 casus
814 1609 1110 1716 parum
1163 1600 1644 1692 differentes
1697 1605 2311 1716 (Varietates)
2397 1606 2597 1696 exhi

328 1723 512 1843 buit
545 1781 575 1825 ,
628 1713 1088 1808 hodienum
1126 1724 1603 1807 occurrunt.
1635 1744 1674 1769 ··

199 2048 208 2059 ⁸
435 1947 514 2036 6.
574 1953 885 2035 Genera
922 1963 1203 2035 autem
1241 1963 1374 2059 tot
1413 1947 1645 2058 sunt,
1781 1964 1936 2036 uot
1962 1946 2355 2039 attributa
2372 1973 2596 2037 ,com

322 2060 605 2149 munia
656 2062 1044 2175 proxima
1101 2059 1661 2163 diffinitarum
1753 2062 2182 2176 pecierum
2217 2065 2276 2170 .(
2302 2064 2448 2173 5),
2510 2060 2595 2145 se

324 2172 696 2263 cundum
755 2198 941 2288 quae
987 2173 1073 2257 in
1117 2174 1577 2289 primordio
1637 2196 1911 2273 creata
1965 2173 2252 2262 fuere:
2313 2169 2597 2260 confir-

322 2312 558 2385 mant
600 2289 777 2375 haec
828 2283 1199 2377 revelata
1233 2352 1261 2394 ,
1334 2291 1681 2378 inventa
1713 2351 1742 2393 ,
1821 2287 2280 2378 observata.
2386 2282 2595 2374 Hinc

433 2410 710 2490 Omnia
756 2406 1069 2487 Genera
1103 2402 1215 2509 59⁹
1249 2409 1534 2516 Species
1561 2406 1972 2491 naturalia
1988 2401 2205 2516 sunt.

160 2571 173 2576 ·
323 2516 536 2604 Non
604 2515 831 2603 enim
889 2511 1087 2601 licet
1161 2522 1669 2629 conjungere
1728 2514 1877 2606 sub
1945 2512 2253 2624 eodem
2290 2536 2595 2626 ‚genere

321 2629 674 2743 Equum
742 2629 827 2714 &
888 2622 1211 2740 Suem:
1304 2626 1503 2718 licet
1567 2628 1833 2720 ambae
1903 2624 2437 2740 monungulae
2497 2624 2593 2713 es-

321 2743 505 2832 sent
531 2773 579 2843 ‚·=
649 2767 809 2828 nec
882 2737 1404 2852 Capreolum
1441 2803 1471 2847 ,
1556 2737 2104 2856 Rangiferum
2179 2742 2264 2827 δε
2329 2737 2593 2826 Aicen

262 2856 282 2945 Ϊ
324 2882 651 2973 ἕεηεῑῖετγ
690 2851 1184 2966 distinguere
1218 2916 1246 2957 ,
1319 2854 1517 2945 licet
1592 2880 2003 2964 cornuum
2074 2851 2335 2968 figura
2388 2849 2591 2957 diffe-

324 2991 539 3059 rant.
614 2965 1108 3083 *Generum*
1147 2967 1426 3082 itaque
1481 2968 1785 3056 limites
1848 2987 2164 3057 attenta
2211 2970 2292 3055 &
2336 2962 2591 3053 sedula

194 3125 237 3192 y
325 3082 910 3176 observatione
977 3080 1391 3193 inquirere
1450 3080 1860 3176 debemus
1896 3144 1925 3187 ,
2014 3096 2209 3170 ‘cum
2259 3108 2307 3168 a
2356 3078 2591 3191 priori

325 3194 739 3288 difficilius
793 3192 1453 3283 determinentur
1485 3259 1514 3302 ,
1586 3195 1783 3285 licet
1831 3194 1998 3284 hoc
2058 3221 2273 3306 opu-s
2320 3191 2455 3278 hic
2500 3190 2589 3277 es

320 3312 448 3402 set
496 3308 734 3397 labor
765 3371 793 3413 ,
863 3336 1059 3395 nam
1121 3311 1457 3425 Confusis
1501 3314 1910 3426 generibus
1968 3315 2214 3398 omnia
2263 3307 2589 3419 confunda

322 3424 589 3538 neceffi’
625 3421 750 3539 est.
783 3420 1122 3536 Caesalp.
1174 3469 1177 3474 ·

439 3677 514 3753 7.
572 3649 657 3741 A
704 3650 1328 3761 FruH·ificatione
1376 3650 1698 3767 plantas
1746 3648 2121 3765 distingui
2165 3649 2254 3733 in
2306 3670 2587 3760 genera

321 3769 485 3875 (6)
540 3761 893 3860 Infinita:
931 3766 1371 3878 Sapientiae
1419 3764 1799 3880 placuiffe
1839 3764 2164 3852 detexit
2212 3756 2587 3875 posterior

318 3903 514 3970 oetas
545 3942 573 3982 ‚
652 3882 733 3964 &
788 3878 1128 3994 quidem
1252 3882 1508 3968 rimus
1544 3941 1571 3982 ,
1653 3876 1901 3968 seculi
1964 3875 2080 3963 sui
2140 3873 2585 3966 Ornamen-

321 4017 500 4086 tum
529 4041 559 4100 ·,
617 3992 1130 4118 CoNnADus
1270 4009 1752 4102 E'SNERUS‚·
1792 3992 1916 4084 uti
1963 4009 2198 4107 patet
2249 3987 2360 4079 ex
2385 3983 2585 4188 ilkitlwii
